@book{laney,
author = "C. B. Laney",
title = "Computational Gasdynamics",
publisher = "Cambridge University Press",
year = "1998",
address = "Cambridge"}

@book{Saad,
author = "M. A. Saad",
title = "Compressible Fluid Flow",
publisher = "Prentice-Hall",
address = "New Jersey",
year = "1985"}

@article{sod,
author = "G. A. Sod",
title = "A Survey of Several Finite Difference Methods for Systems of Nonlinear Hyperbolic Conservation Laws",
journal = "J. Comput. Phys",
volume = "27",
pages = "1-31",
year = "1978"}

@article{ref:schulz_collins_glaz,
author = "C. W. Schulz-Rinne, J. P. Collins and H. M. Glaz",
title = "Numerical Solution of the Riemann Problem for Two-Dimensional Gas Dynamics",
journal = "J. Comput. Phys",
volume = "14",
pages = "1394-1414",
year = "1993"}


@article{ref:Liska_Wendroff,
author = "R. Liska and B. Wendroff",
title = "Comparison of several difference schemes on 1D and 2D test problems for the Euler Equations",
journal = "J. Comput. Phys",
volume = "25",
pages = "995-1017",
year = "2003"}



